% This file was created with JabRef 2.10.
% Encoding: UTF8
@article{corticospinal,
	author = {Jaspers, E and Byblow, WD and Feys, H and Wenderoth, N},
	title = {The Corticospinal Tract: A Biomarker to Categorize Upper Limb Functional Potential in Unilateral Cerebral Palsy.},
	journaltitle = {Front. Pediatr.},
	date = {2016},
	OPTdoi = {10.3389/fped.2015.00112},
	OPTurl = {http://journal.frontiersin.org/article/10.3389/fped.2015.00112/full},
}
@article{motorcortex,
	author = {Tsubo, Y and Isomura, Y and Fukai, T},
	title = {Neural dynamics and information representation in microcircuits of motor cortex.},
	journaltitle = {Front. Neural Circuits},
	date = {2013},
	OPTdoi = {10.3389/fncir.2013.00085},
	OPTurl = {http://journal.frontiersin.org/article/10.3389/fncir.2013.00085/full},
}
@article{neucogar,
	author = {Vallverdu, J and Talanov, M and Distefano, S and Mazzara, M and Manca, M and Tchitchigin, A.},
	title = {NEUCOGAR: когнитивная архитектура для биомиметического эмоционального ИИ},
	journaltitle = {International Journal of AI},
	date = {2016},
	OPTurl = {http://dspace.kpfu.ru/xmlui/handle/net/102239},
}

@book{cnsphysiology,
	author = {Данилова, Н.Н. and Крылова, А.Л.},
	title = {Физиология высшей нервной деятельности.},
	date = {2001},
}
@article{nest,
	author = {Kunkel and Susanne and et al. },
	title = {NEST 2.12.0.},
	journaltitle = {Zenodo},
	date = {2017},
	OPTdoi = {10.5281/zenodo.259534},
}
@misc{wiki:motor,
	author = {{Motor cortex}},
	title = "Motor cortex --- {W}ikipedia{,} The Free Encyclopedia",
	year = "2017",
	url = "https://en.wikipedia.org/wiki/Motor_cortex",
}
